<?xml version="1.0" encoding="UTF-8"?><collection xmlns="http://www.loc.gov/MARC21/slim"><record><leader>00399nam--2200145-i-4500</leader><controlfield tag="001">000007992</controlfield><controlfield tag="002">20161230</controlfield><controlfield tag="005">20161230201027</controlfield><controlfield tag="008">060222s1000------------r-----000-0-eng-d</controlfield><datafield ind1=" " ind2=" " tag="080"><subfield code="a">535-1</subfield></datafield><datafield ind1=" " ind2=" " tag="100"><subfield code="a">Chol, G./S.A.</subfield></datafield><datafield ind1=" " ind2=" " tag="245"><subfield code="a">Les detecteurs de rayonnement infra-rouge</subfield></datafield><datafield ind1=" " ind2=" " tag="260"><subfield code="a">Paris, Dunod, 1966. Xviii + 241 P</subfield></datafield><datafield ind1=" " ind2=" " tag="490"><subfield code="a">Monographies De L Action Concertee  Electroniq Ue ,</subfield></datafield><datafield ind1=" " ind2=" " tag="852"><subfield code="a">22362</subfield></datafield></record></collection>